@book{feller,
  title     = "An Introduction to Probability Theory and Its Applications",
  volume    = 1,
  author    = "Feller, W.",
  publisher = "John Wiley \& Sons, Inc.",
  year      = 1968,
  pages     = "44, 221",
}

@article{gambler,
    author = "J. L. Coolidge",
    title = "{The Gambler's Ruin}",
    journal = "Annals of Mathematics",
    volume = "10",
    number = "4",
    pages = "181--192 ",
    year = "1909",
    DOI = "https://doi.org/10.2307/1967408",
    keywords = "physics"}

@online{pool,
    author    = "PoolTogether",
    title     = "PoolTogether User Guide",
    url       = "https://docs.pooltogether.com/",
    keywords  = "pooltogether"
}

@online{alchemix,
    author    = "Alchemix Finance",
    title     = "Alchemix Finance",
    url       = "https://alchemix-finance.gitbook.io/",
    keywords  = "alchemix"
}

@online{pendle,
    author    = "Pendle",
    title     = "Pendle Documentation",
    url       = "https://docs.pendle.finance/",
    keywords  = "pendle"
}