@article{gambler,
    author = "J. L. Coolidge",
    title = "{The Gambler's Ruin}",
    journal = "Annals of Mathematics",
    volume = "10",
    number = "4",
    pages = "181--192 ",
    year = "1909",
    DOI = "https://doi.org/10.2307/1967408",
    keywords = "physics"}
    
@online{vrf,
    shorthand = "Mica",
    author    = "Micali et al.",
    title     = "Verifiable Random Functions",
    url       = "https://people.csail.mit.edu/silvio/Selected\%20Scientific\%20Papers/Pseudo\%20Randomness/Verifiable_Random_Functions.pdf",
    keywords  = "vrf"
}

@online{vdf,
    shorthand = "Bon",
    author    = "Boneh et al.",
    title     = "Verifiable Delay Functions",
    url       = "https://eprint.iacr.org/2018/601.pdf",
    keywords  = "vdf"
}

@online{pool,
    author    = "PoolTogether",
    title     = "PoolTogether User Guide",
    url       = "https://docs.pooltogether.com/",
    keywords  = "pooltogether"
}

@online{alchemix,
    shorthand = "Alc",
    author    = "Alchemix Finance",
    title     = "Alchemix Finance",
    url       = "https://alchemix-finance.gitbook.io/",
    keywords  = "alchemix"
}

@online{pendle,
    author    = "Pendle",
    title     = "Pendle Documentation",
    url       = "https://docs.pendle.finance/",
    keywords  = "pendle"
}

@online{link,
    shorthand = "Link",
    author    = "Chainlink",
    title     = "Chainlink Documentation",
    url       = "https://docs.chain.link/docs/chainlink-vrf/",
    keywords  = "stink"
}